@misc{kudry,
  author       = {Kudryashov, Yury},
  title        = {Minimal.lean: Mathlib 4, Dynamics, Topological Entropy},
  year         = {2021},
  howpublished = {\url{https://github.com/leanprover-community/mathlib4/blob/master/Mathlib/Dynamics/Minimal.lean}},
  note         = {Accessed 2025-05-06}
}


@book{brin2002introduction,
  title={Introduction to dynamical systems},
  author={Brin, Michael and Stuck, Garrett},
  year={2002},
  publisher={Cambridge university press}
}

@book{einsiedler2010ergodic,
  author    = {Manfred Einsiedler and Thomas Ward},
  title     = {Ergodic Theory: With a View Towards Number Theory},
  year      = {2010},
  publisher = {Springer London},
  series    = {Graduate Texts in Mathematics},
  volume    = {259},
  isbn      = {978-0-85729-020-5},
  doi       = {10.1007/978-0-85729-021-2},
  url       = {https://doi.org/10.1007/978-0-85729-021-2}
}
